<?xml version="1.0" encoding="UTF-8"?><collection xmlns="http://www.loc.gov/MARC21/slim"><record><leader>00492nam--2200169-i-4500</leader><controlfield tag="001">000038089</controlfield><controlfield tag="002">20161230</controlfield><controlfield tag="005">20161230201041</controlfield><controlfield tag="008">060222s1000------------r-----000-0-eng-d</controlfield><datafield ind1=" " ind2=" " tag="040"><subfield code="a">IFIN-HH</subfield></datafield><datafield ind1=" " ind2=" " tag="080"><subfield code="a">535.375.5(043)</subfield></datafield><datafield ind1="1" ind2=" " tag="100"><subfield code="a">Rayside, John Stuart</subfield></datafield><datafield ind1="1" ind2="0" tag="245"><subfield code="a">The raman spectrum of single crystal proustite</subfield><subfield code="b">Thesis</subfield><subfield code="c">John stuart rayside</subfield></datafield><datafield ind1=" " ind2=" " tag="260"><subfield code="a">Ann Arbor, Michigan</subfield><subfield code="b">University Microfilms</subfield><subfield code="c">1973</subfield></datafield><datafield ind1=" " ind2=" " tag="300"><subfield code="a">XI + 143P</subfield></datafield><datafield ind1=" " ind2=" " tag="852"><subfield code="a">42825</subfield><subfield code="c">535.33</subfield></datafield><datafield ind1=" " ind2=" " tag="CAT"><subfield code="a">Sys</subfield><subfield code="c">20101207</subfield><subfield code="h">101210</subfield></datafield></record></collection>